<record><leader>01418cam a2200349 a 4500</leader><controlfield tag="001">1343658</controlfield><controlfield tag="008">901217s1985    onc      b   f    0 eng c</controlfield><datafield ind1=" " ind2=" " tag="035"><subfield code="a">ocm70308408</subfield></datafield><datafield ind1=" " ind2=" " tag="040"><subfield code="b">eng</subfield></datafield><datafield ind1=" " ind2=" " tag="043"><subfield code="a">n-cn---</subfield></datafield><datafield ind1=" " ind2=" " tag="049"><subfield code="a">AEU</subfield><subfield code="b">eng</subfield></datafield><datafield ind1=" " ind2="4" tag="050"><subfield code="a">HQ72.C2</subfield><subfield code="b">W67 1985</subfield></datafield><datafield ind1="0" ind2=" " tag="090"><subfield code="a">GOV DOC CA1 JS 82-39\ 1985</subfield></datafield><datafield ind1="1" ind2=" " tag="100"><subfield code="a">Wormith, J. S.</subfield></datafield><datafield ind1="1" ind2="2" tag="245"><subfield code="a">A survey of treatment programs for sexual offenders in Canada /</subfield><subfield code="c">J. Stephen Wormith, Mark Borzecki.</subfield></datafield><datafield ind1=" " ind2=" " tag="260"><subfield code="a">Ottawa :</subfield><subfield code="b">Ministry of the Solicitor General of Canada, Secretariat,</subfield><subfield code="c">1985.</subfield></datafield><datafield ind1=" " ind2=" " tag="300"><subfield code="a">[33] p. ;</subfield><subfield code="c">28 cm.</subfield></datafield><datafield ind1=" " ind2=" " tag="336"><subfield code="a">text</subfield><subfield code="b">txt</subfield><subfield code="2">rdacontent</subfield></datafield><datafield ind1=" " ind2=" " tag="337"><subfield code="a">unmediated</subfield><subfield code="b">n</subfield><subfield code="2">rdamedia</subfield></datafield><datafield ind1=" " ind2=" " tag="338"><subfield code="a">volume</subfield><subfield code="b">nc</subfield><subfield code="2">rdacarrier</subfield></datafield><datafield ind1="1" ind2=" " tag="490"><subfield code="a">Programs Branch user report ;</subfield><subfield code="v">no. 1985-35</subfield></datafield><datafield ind1=" " ind2=" " tag="500"><subfield code="a">Also published in French under title: Compte rendu des programmes de traitement administr&#233;s aux d&#233;linquants sexuels au Canada.</subfield></datafield><datafield ind1=" " ind2=" " tag="504"><subfield code="a">Bibliography: p. 28-31.</subfield></datafield><datafield ind1=" " ind2=" " tag="596"><subfield code="a">45</subfield></datafield><datafield ind1=" " ind2="0" tag="650"><subfield code="a">Sex offenders</subfield><subfield code="z">Canada.</subfield></datafield><datafield ind1=" " ind2="0" tag="650"><subfield code="a">Sex offenders</subfield><subfield code="x">Rehabilitation</subfield><subfield code="z">Canada.</subfield></datafield><datafield ind1=" " ind2="0" tag="650"><subfield code="a">Sex offenders</subfield><subfield code="x">Care</subfield><subfield code="z">Canada.</subfield></datafield><datafield ind1="1" ind2=" " tag="700"><subfield code="a">Borzecki, Mark.</subfield></datafield><datafield ind1="1" ind2=" " tag="710"><subfield code="a">Canada.</subfield><subfield code="b">Ministry of the Solicitor General.</subfield></datafield><datafield ind1="1" ind2=" " tag="710"><subfield code="a">Canada.</subfield><subfield code="b">Ministry of the Solicitor General.</subfield><subfield code="b">Programs Branch.</subfield></datafield><datafield ind1=" " ind2="0" tag="830"><subfield code="a">User report ;</subfield><subfield code="v">no. 1985:35.</subfield></datafield><datafield ind1=" " ind2=" " tag="926"><subfield code="a">GOV DOC CA1 JS 82-39/ 1985</subfield><subfield code="w">LC</subfield><subfield code="c">1</subfield><subfield code="i">0162006993784</subfield><subfield code="d">11/6/2014</subfield><subfield code="e">2/21/2012</subfield><subfield code="l">ON_SHELF</subfield><subfield code="m">UALAW</subfield><subfield code="n">32</subfield><subfield code="p">$150.00</subfield><subfield code="r">Y</subfield><subfield code="s">Y</subfield><subfield code="t">BOOK</subfield><subfield code="u">1/18/1991</subfield></datafield></record>